\usepackage{hyperref}


         
@article{ GDSC,
  title  = {\uppercase{G}oogle Deverloper Student club Dashboard    },
  author = {Google and Bevy},
  year = { 2023 },
  journal = {link: https://gdsc.community.dev/},
}

@article{ NextJS,
  title  = {\uppercase{N}ext \uppercase{JS} \uppercase{D}ocumentation    },
  author = {Vercel},
  year = { 2023 },
  journal = {link: https://nextjs.org/docs},
}



